<?xml version="1.0" encoding="UTF-8"?><collection xmlns="http://www.loc.gov/MARC21/slim"><record><leader>00425nam--2200133-i-4500</leader><controlfield tag="001">000042935</controlfield><controlfield tag="002">20161230</controlfield><controlfield tag="005">20161230201043</controlfield><controlfield tag="008">060222s1000------------r-----000-0-eng-d</controlfield><datafield ind1=" " ind2=" " tag="080"><subfield code="a">546+54(02)+541</subfield></datafield><datafield ind1=" " ind2=" " tag="100"><subfield code="a">Stiager,Dr.Anton</subfield></datafield><datafield ind1=" " ind2=" " tag="245"><subfield code="a">Der chemiker. eine neuzeitlichen, anschuliche einfuhrung in die allgemeine und anorganisches chemie</subfield></datafield><datafield ind1=" " ind2=" " tag="260"><subfield code="a">Zurich, Morgarten Verlag/Conzett &amp; Huber, 1949. Xvi + 507 P</subfield></datafield><datafield ind1=" " ind2=" " tag="852"><subfield code="a">803</subfield></datafield></record></collection>